@article{article0,
  author  = {L.Downes},
  title   = {Beyond Porter},
  journal = {In Context Magazine}
}

@article{article1,
  author  = {Michael E. Porter},
  title   = {How Competitive Forces Shape Strategy},
  journal = {Harvard Business Review},
  year    = 1997,
  number  = {July-August}
}

@article{article2,
  author  = {Michael E. Porter},
  title   = {Strategy and the Internet},
  journal = {Harvard Business Review},
  year    = 2001,
  number  = {March},
  pages   = {62-78},
  month   = 3
}

@article{article3,
  author  = {Michael E. Porter, Victor E. Millar},
  title   = {How information gives competitive advantage},
  journal = {Harvard Business Review},
  year    = 1985,
  number  = 63,
  pages   = {149-160},
  month   = 3
}

@article{article4,
  author  = {J. C. Henderson, N. Venkatraman},
  title   = {Stratigic alignment: Leveraging information technology for transforming organisations},
  journal = {IBM Systems Journal},
  year    = 1993,
  number  = 32,
  pages   = {472-484}
}

http://can-touch.ru/about-company/
