@article{article0,
  author  = {Nicolas G. Carr},
  title   = {IT doesn't matter},
  journal = {Harvard Business Review},
  year    = 2003,
  number  = 81,
  pages   = {41-49}
}

@article{article1,
  title   = {History of Computers: A Brief Timeline},
  journal = {http://www.livescience.com/20718-computer-history.html}
}

@article{article2,
  title   = {THE UNICORN LIST},
  journal = {http://fortune.com/unicorns/}
}

@article{article3,
  title   = {The age of unicorns},
  journal = {http://fortune.com/2015/01/22/the-age-of-unicorns/},
  year    = 1985,
  number  = 63,
  pages   = {149-160},
  month   = 3
}

@article{article4,
  title   = {6 Lessons From The Success Of 'IT Doesn't Matter'},
  journal = {http://www.forbes.com/sites/gilpress/2013/05/20/6-lessons-from-the-success-of-it-doesnt-matter/#43dde212185d}

@article{article6,
  title   = { How NatWestâ€™s IT meltdown developed},
  journal = {http://www.theguardian.com/technology/2012/jun/25/how-natwest-it-meltdown},
  year    = 2012
}
}
